@article{article,
	author =		{Ander Seele, G.},
	title =			{Carmichael numbers in number rings},
	journaltitle =	{Journal of Number Theory},
	volume =		128,
	year =			2008,
	pages =			{910-917},
	url =			{https://core.ac.uk/download/pdf/82709152.pdf},
}

@book{Samuel,
	author =	{Samuel, Pierre},
	title =		{Théorie algébrique des nombres},
	publisher = {Hermann Paris},
	edition =	2,
	year =		1971,
	month =		10,
}

@booklet{Kraus,
	author =	{Kraus, Alain},
	title =		{Corps locaux et applications},
	subtitle =	{Cours accéléré de DEA, Université Pierre et Marie Curie},
	year =		{2000},
	month =		{09},
}

@book{Demazure,
	author =	{Demazure, Michel},
	title =		{Cours d'algèbre},
	year =		{2008},
	publisher = {Cassini},
	edition =	2,
}
